
@article{dalia,
  author =       "Dalia El Badawy and Ivan Dokmanic",
  title =        "Direction of Arrival with One Microphone, a few LEGOs, and Non-Negative Matrix Factorization",
  journal =      "IEEE/ACM Transactions on Audio, Speech and Language Processing",
  year =         "2018",
  DOI =          " 10.1109/TASLP.2018.2867081",
  keywords =     "Signal processing"
}

@article{Ledoux,
author = {Ledoux, M.},
year = {2001},
month = {01},
pages = {},
title = {The Concentration of Measure Phenomenon},
volume = {89},
journal = {AMS Surveys and Monographs}
}

@incollection{falSchro,
  author        = {Christof Faller and Dirk Schröder},
  title         = {Course notes book : Audio Signal Processing and Virtual Acoustics},
  month         = {09},
  year          = {2016},
  publisher={École polytechnique fédérale de Lausanne}
}


@incollection{vesaVal,
  author        = {Vesa Välimäki},
  title         = {Discrete-Time Modeling of Acoustic Tubes Using Fractional Delay Filters},
  month         = {12},
  chapter       = {3},
  year          = {1995},
  publisher = {Helsinki University of Technology, Faculty of Electrical Engineering, Laboratory of Acoustics and Audio Signal Processing},
  ISBN = {951–22–2880–7},
  ISSN = {0356–083X}
}

@article{musicRobo,
author = {Sylvain Argentieri, Patrick Danès, Philippe Souères},
year = {2015},
month = {},
pages = {87-112},
title = {A Survey on Sound Source Localization in Robotics: from Binaural to Array Processing Methods},
volume = {34},
journal = {Computer Speech and Language, Elsevier}
}

@article{musciIEEE,  author={R. {Schmidt}},  journal={IEEE Transactions on Antennas and Propagation},   title={Multiple emitter location and signal parameter estimation},   year={1986},  volume={34},  number={3},  pages={276-280},  DOI= {10.1109/TAP.1986.1143830}, }

